@misc{pga2ddemo16,
  key = 	 {pga2d},
  author = {Charles Gunn and Mark Phillips},
  title = 	 {2D demo of {PGA}},
  year = 	 {2016},
  note = 	 {\url{http://embeepea.github.io/pga2d/resources/public/diagram2a.html}},
}
@article{heath84,
	author="R. S. Heath",
	title="On the dynamics of a rigid body in elliptic space",
	journal="Phil. Trans. Royal Society of London",
	year=1884,
	volume=175,
	pages="281-324"
	}
@book{davhunt07,
	author={Joseph Davidson and Kenneth Hunt},
	title={Robots and Screw Theory: Applications of Kinematics and Statics to Robotics},
	year=2007,
	publisher={Oxford University Press}
	}
@unpublished{gaigen,
	title="GAIGEN 2.5: A code generator for geometric algebra",
	author="Daniel Fontijne",
	note={\url{http://sourceforge.net/projects/g25}}
}
@unpublished{clu,
	title="CLU Project",
	author="Christian Perwass",
	note={\url{http://www.perwass.de/clu/}}
	}
@unpublished{gaalop,
	title="Gaalop: Geometric Algebra Algorithms Optimizer",
	author="Dieter Hildebrand",
	note={\url{http://www.gaalop.de/}}
}
@unpublished{aragon,
	title="clifford.m",
	author="Jos Luis Aragn Vera, et. al.",
	note={\url{http://http://www.fata.unam.mx/aragon/software}}
}
@inproceedings{pappas96,
	title="Oriented Projective Geometry with {C}lifford Algebra",
	booktitle="Clifford Algebras with Numeric and Symbolic Calculations",
	author="Richard Pappas",
	editor="R. Ablamowitz and P. Lounesto and J. Parra",
	year=1996,
	publisher="Birkh{\"{a}}user",
	pages="233-251"
	}
@mastersthesis{gunn83,
	author={Charles Gunn},
	title={A Computer Implementation of the Two-Dimensional Euclidean
Crystallographic Groups},
	school = "UNC, Chapel Hill",
	year = 1983}
@phdthesis{gunnthesis,
	author={Charles Gunn},
	title={Geometry, Kinematics, and Rigid Body Mechanics in Cayley-Klein Geometries},
	school = "Technical University Berlin",
	note={\url{http://opus.kobv.de/tuberlin/volltexte/2011/3322}},
	year = 2011}
	
@inproceedings{mbpandcgg92,
 author = {Phillips, Mark and Gunn, Charlie},
 title = {Visualizing Hyperbolic Space: Unusual Uses of 4x4 Matrices},
 booktitle = {Proceedings of the 1992 Symposium on Interactive 3D Graphics},
 series = {I3D '92},
 year = {1992},
 isbn = {0-89791-467-8},
 location = {Cambridge, Massachusetts, USA},
 pages = {209--214},
 numpages = {6},
 url = {http://doi.acm.org/10.1145/147156.147206},
 doi = {10.1145/147156.147206},
 acmid = {147206},
 publisher = {ACM},
 address = {New York, NY, USA},
} 
@article{gunn2017a,
author="Gunn, Charles",
title="Geometric Algebras for Euclidean Geometry",
journal="Advances in Applied Clifford Algebras",
volume={27(1)},
year="2017",
pages="185-208",
issn="1661-4909",
doi="10.1007/s00006-016-0647-0",
url="http://dx.doi.org/10.1007/s00006-016-0647-0",
notes="Proceedings of ICCA10, Tartu, Estonia, August 2014",
	note= {\url{http://arxiv.org/abs/1411.6502 }},
}
@article{gunn2017b,
author="Gunn, Charles",
title="Doing euclidean plane geometry using projective geometric algebra",
journal="Advances in Applied Clifford Algebras",
year="2017",
volume={27(2)},
pages="1203--1232",
doi="10.1007/-016-0731-5",
url="http://dx.doi.org/10.1007/s00006-016-0731-5",
	note= {\url{http://arxiv.org/abs/1501.06511 }}
}	
@incollection{lasenby2011,
	author="Anthony Lasenby and Robert Lasenby and Chris Doran",
	title = "Rigid Body Dynamics and  Conformal Geometric Algebra",
	year=2011,
	editor="Leo Dorst and Joan Lasenby",
	publisher="Springer",
	booktitle="Guide to Geometric Algebra in Practice",
	chapter="1",
	pages={3-25}
	}
@inproceedings{Lasenby04,
  author    = {Anthony N. Lasenby},
  title     = {Recent Applications of Conformal Geometric Algebra},
  booktitle = {Computer Algebra and Geometric Algebra with Applications},
  pages     = {298--328},
  year      = {2004},
   series    = {Lecture Notes in Computer Science},
  volume    = {3519},
  publisher = {Springer},
 }
@book{hildebrand13,
    title={Fundamentals of Geometric Algebra Computing},
    author={Dieter Hildebrand},
    publisher={Springer},
    year=2013
    }
@incollection {dorst2011,
   author = {Dorst, Leo},
   title = {Tutorial Appendix: Structure Preserving Representation of Euclidean Motions Through Conformal Geometric Algebra},
   booktitle = {Guide to Geometric Algebra in Practice},
   editor = {Dorst, Leo and Lasenby, Joan},
   publisher = {Springer London},
   isbn = {978-0-85729-811-9},
   keyword = {Computer Science},
   pages = {435-453},
   url = {http://dx.doi.org/10.1007/978-0-85729-811-9_21},
   year = {2011}
}
@article{dorst2014,
	author="L. Dorst", 
	title="Total Least Squares Fitting of k-Spheres in n-D Euclidean Space Using an (n+2)-D Isometric Representation", 
	journal="J of Mathematical Imaging and Vision", 
	year=2014, 
	pages={1-21}
	}
@inproceedings{gunnmn2010,
	author="Charles Gunn",
	title="Advances in {M}etric-neutral {V}isualization",
	organization="Eurographics",
	booktitle="GraVisMa 2010",
	editor="Vaclav Skala and Eckhard Hitzer",
	publisher={\url{http://gravisma.zcu.cz/GraVisMa-2010/GraVisMa-2010-proceedings.pdf}},
	year=2010,
	pages="17-26",
	isbn="978-80-86943-85-5",
	address="Brno"
	}
@inproceedings{gunnribbons10,
	author = "Charles Gunn",
	title="Ribbon Edges: a New Impulse for Geometric Sculpture",
	booktitle="Proceedings of Bridges Conference 2010",
	address="Pecs, Hungary",
	year="July 24-28, 2010",
	pages="403-406"
}
@book{kowol09,
	author = "Gerhard Kowol",
	title = "Projektive Geometrie und Cayley-Klein Geometrien der Ebene",
	year=2009,
	publisher="Birkhauser"
}
@article {struve2004,
   author = {Struve, Horst and Struve, Rolf},
   title = {Projective spaces with Cayley-Klein metrics},
   journal = {Journal of Geometry},
   publisher = {Birkhauser Basel},
   pages = {155-167},
   volume = {81},
   issue = {1},
   year = {2004}
}


